<record><leader>00000cas a22000007a 4500</leader><controlfield tag="001">37208995</controlfield><controlfield tag="008">970627d190219uuokuwr n       0    0eng d</controlfield><datafield ind1=" " ind2=" " tag="010"><subfield code="a">sn 97064992 </subfield></datafield><datafield ind1=" " ind2=" " tag="040"><subfield code="a">OBN</subfield><subfield code="b">eng</subfield><subfield code="c">OBN</subfield><subfield code="d">OCLCQ</subfield><subfield code="d">OCLCO</subfield></datafield><datafield ind1="1" ind2=" " tag="029"><subfield code="a">AU@</subfield><subfield code="b">000013335491</subfield></datafield><datafield ind1=" " ind2=" " tag="042"><subfield code="a">msc</subfield></datafield><datafield ind1=" " ind2=" " tag="043"><subfield code="a">n-us-ok</subfield></datafield><datafield ind1="0" ind2="0" tag="245"><subfield code="a">Henryetta free-lance.</subfield></datafield><datafield ind1="3" ind2=" " tag="246"><subfield code="a">Weekly free lance</subfield></datafield><datafield ind1=" " ind2=" " tag="260"><subfield code="a">Henryetta, Creek Nation, Indian Territory [Okla.] :</subfield><subfield code="b">Geo. R. Hall</subfield></datafield><datafield ind1=" " ind2=" " tag="300"><subfield code="a">v.</subfield></datafield><datafield ind1=" " ind2=" " tag="310"><subfield code="a">Weekly</subfield></datafield><datafield ind1="1" ind2=" " tag="362"><subfield code="a">Began on Nov. 27, 1902.</subfield></datafield><datafield ind1=" " ind2=" " tag="500"><subfield code="a">Published as: Weekly free lance, Apr. 29-June 24, 1910.</subfield></datafield><datafield ind1=" " ind2=" " tag="588"><subfield code="a">Description based on: Vol. 2, no. 5 (Dec. 31, 1903).</subfield></datafield><datafield ind1=" " ind2="0" tag="651"><subfield code="a">Henryetta (Okla.)</subfield><subfield code="v">Newspapers.</subfield></datafield><datafield ind1=" " ind2="0" tag="651"><subfield code="a">Okmulgee County (Okla.)</subfield><subfield code="v">Newspapers.</subfield></datafield><datafield ind1=" " ind2="0" tag="651"><subfield code="a">Indian Territory</subfield><subfield code="v">Newspapers.</subfield></datafield><datafield ind1=" " ind2="0" tag="651"><subfield code="a">Creek Nation (Okla.)</subfield><subfield code="v">Newspapers.</subfield></datafield><datafield ind1=" " ind2=" " tag="752"><subfield code="a">United States</subfield><subfield code="b">Oklahoma</subfield><subfield code="c">Okmulgee</subfield><subfield code="d">Henryetta.</subfield></datafield><datafield ind1="1" ind2=" " tag="775"><subfield code="t">Daily free-lance (Henryetta, Okla.)</subfield><subfield code="w">(DLC)sn 97064993</subfield><subfield code="w">(OCoLC)37209059</subfield></datafield></record>